%adding info about first reference
@book{Source1,
author = {TutorialsPoint},
title = {{Introduction to Algorithms}},
year = {2016},
publisher = {Tutorials Point (I) Pvt. Ltd.}
}

%info about second reference
@article{Source2,
author = {MohdArsalan},
journal = {Geeks for Geeks},
title = {{Merge Sort vs. Insertion Sort}},
year = {2022}
}
